% Encoding: UTF-8

@book{duvall-2007-continuous,
  title={Continuous Integration: Improving Software Quality and Reducing Risk},
  author={Duvall, P.M. and Matyas, S. and Duvall, P. and Glover, A.},
  isbn={9780321336385},
  lccn={2007012001},
  series={A Martin Fowler signature book},
  url={https://learning.oreilly.com/library/view/continuous-integration-improving/9780321336385/pr05.html#pref03lev1sec1},
  year={2007},
  publisher={Addison-Wesley}
}

@book{brent-2020-CI/CD,
  title={Continuous Integration Vs. Continuous Delivery Vs. Continuous Deployment, 2nd Edition},
  author={Brent Laster},
  isbn={9781492088943, 1492088943},
  url={https://learning.oreilly.com/library/view/continuous-integration-vs/9781492088943/ch01.html},
  year={2020},
  publisher={O'Reilly Media, Incorporated}
}

@book{van2023continuous,
  title={Continuous Integration (CI) and Continuous Delivery (CD): A Practical Guide to Designing and Developing Pipelines},
  author={van Merode, H.},
  isbn={9781484292273},
  url={https://learning.oreilly.com/library/view/continuous-integration-ci/9781484292280/},
  year={2023},
  publisher={Apress}
}

@book{humble2010continuous,
  title={Continuous Delivery: Reliable Software Releases through Build, Test, and Deployment Automation},
  author={Humble, J. and Farley, D.},
  isbn={9780321670229},
  lccn={2010022186},
  series={Addison-Wesley Signature Series (Fowler)},
  url={https://learning.oreilly.com/library/view/continuous-delivery-reliable/9780321670250/},
  year={2010},
  publisher={Pearson Education}
}

@book{kim2016devops,
  title={The DevOps Handbook: How to Create World-Class Agility, Reliability, and Security in Technology Organizations},
  author={Kim, G. and Humble, J. and Debois, P. and Willis, J.},
  isbn={9781942788072},
  lccn={2016951904},
  series={ITpro collection},
  url={https://learning.oreilly.com/library/view/the-devops-handbook/9781457191381/},
  year={2016},
  publisher={IT Revolution Press}
}

@book{cowell2023automating,
  title={Automating DevOps with GitLab CI/CD Pipelines: Build efficient CI/CD pipelines to verify, secure, and deploy your code using real-life examples},
  author={Cowell, C. and Lotz, N. and Timberlake, C.},
  isbn={9781803242934},
  url={https://learning.oreilly.com/library/view/automating-devops-with/9781803233000/},
  year={2023},
  publisher={Packt Publishing}
}

@book{vinto2022gitops,
  title={GitOps Cookbook},
  author={Vinto, N. and Bueno, A.S.},
  isbn={9781492097440},
  url={https://learning.oreilly.com/library/view/gitops-cookbook/9781492097464/},
  year={2022},
  publisher={O'Reilly Media}
}

@book{dejonghe2020nginx,
  title={NGINX Cookbook},
  author={DeJonghe, D.},
  isbn={9781492078432},
  url={https://learning.oreilly.com/library/view/gitops-cookbook/9781492097464/},
  year={2020},
  publisher={O'Reilly Media}
}

@book{kane2023docker,
  title={Docker: Up \& Running},
  author={Kane, S.P. and Matthias, K.},
  isbn={9781098131784},
  url={https://learning.oreilly.com/library/view/docker-up/9781098131814/},
  year={2023},
  publisher={O'Reilly Media}
}




@book{leszko2019continuous,
  title={Continuous Delivery with Docker and Jenkins: Create Secure Applications by Building Complete CI/CD Pipelines, 2nd Edition},
  author={Leszko, R.},
  isbn={9781838552183},
  url={https://books.google.hr/books?id=O5fbxQEACAAJ},
  year={2019},
  publisher={Packt Publishing}
}


@book{rawat2023ci,
  title={CI/CD Pipeline with Docker and Jenkins: Learn How to Build and Manage Your CI/CD Pipelines Effectively (English Edition)},
  author={Rawat, S.},
  isbn={9789355513502},
  url={https://books.google.hr/books?id=NuumEAAAQBAJ},
  year={2023},
  publisher={BPB Publications}
}


@InProceedings{challenges,
author="Debbiche, Adam
and Dien{\'e}r, Mikael
and Berntsson Svensson, Richard",
editor="Jedlitschka, Andreas
and Kuvaja, Pasi
and Kuhrmann, Marco
and M{\"a}nnist{\"o}, Tomi
and M{\"u}nch, J{\"u}rgen
and Raatikainen, Mikko",
title="Challenges When Adopting Continuous Integration: A Case Study",
booktitle="Product-Focused Software Process Improvement",
year="2014",
publisher="Springer International Publishing",
address="Cham",
pages="17--32",
isbn="978-3-319-13835-0"
}



@InProceedings{pr_Blirnan1999,
  author    = {Pierre-Alexandre Blirnan and Alexander M. Krasnoselskii},
  booktitle = {1999 European Control Conference ({ECC})},
  title     = {Popov absolute stability criterion for time-varying multivariable nonlinear systems},
  year      = {1999},
  month     = aug,
  publisher = {{IEEE}},
  doi       = {10.23919/ecc.1999.7099739},
  groups    = {Matematika i teorija},
}

@Misc{atlassian_ci_tools,
  howpublished = {\url{https://www.atlassian.com/continuous-delivery/continuous-integration/tools}},
  note         = {Pristup: 29.6.2023.},
  title        = {Continuous integration tools},
}

@Misc{katalon_ci_tools,
  howpublished = {\url{https://katalon.com/resources-center/blog/ci-cd-tools}},
  note         = {Pristup: 29.6.2023.},
  title        = {Best 14 CI/CD Tools You Must Know},
}

@Misc{ci_tools_slika,
  howpublished = {\url{https://blog.hubspot.com/website/continuous-integration-tools}},
  note         = {Pristup: 29.6.2023.},
  title        = {10 Best Continuous Integration Tools for DevOps in 2022},
}

@Misc{top_7_ci_tools,
  howpublished = {\url{https://smartbear.com/blog/top-continuous-integration-tools-for-devops/}},
  note         = {Pristup: 29.6.2023.},
  title        = {Top 7 Continuous Integration Tools for DevOps},
}

@Misc{gitlab_vs_jenkins_BrowserStack,
  howpublished = {\url{https://www.clickittech.com/devops/gitlab-vs-jenkins/}},
  note         = {Pristup: 29.6.2023.},
  title        = {Gitlab vs Jenkins 2022: Ultimate Comparison},
}

@Comment{jabref-meta: databaseType:bibtex;}
